<record><leader>00000cas a22000007a 4500</leader><controlfield tag="001">13297750</controlfield><controlfield tag="008">860314d192u1948wvuwr ne      0    0eng d</controlfield><datafield ind1=" " ind2=" " tag="010"><subfield code="a">sn 86092393 </subfield></datafield><datafield ind1=" " ind2=" " tag="040"><subfield code="a">WVC</subfield><subfield code="b">eng</subfield><subfield code="c">WVC</subfield><subfield code="d">OCL</subfield><subfield code="d">OCLCQ</subfield></datafield><datafield ind1=" " ind2=" " tag="042"><subfield code="a">msc</subfield></datafield><datafield ind1="0" ind2=" " tag="130"><subfield code="a">Wayne County press (Kenova, W. Va.)</subfield></datafield><datafield ind1="1" ind2="0" tag="245"><subfield code="a">Wayne County press.</subfield></datafield><datafield ind1=" " ind2=" " tag="260"><subfield code="a">Kenova, W. Va. :</subfield><subfield code="b">Wayne County Newspapers, Inc.</subfield></datafield><datafield ind1=" " ind2=" " tag="300"><subfield code="a">v.</subfield></datafield><datafield ind1=" " ind2=" " tag="310"><subfield code="a">Weekly</subfield></datafield><datafield ind1="1" ind2=" " tag="362"><subfield code="a">Ceased in 1948?</subfield><subfield code="z">Cf. W. Va. Legislative Handbook.</subfield></datafield><datafield ind1=" " ind2=" " tag="500"><subfield code="a">"Republican."</subfield></datafield><datafield ind1=" " ind2=" " tag="500"><subfield code="a">The Wayne Co. Newspapers, Inc. bought the paper in Aug., 1939, after it had been in operation for more than fifteen years. Cf. Bulletin, Sept., 1939.</subfield></datafield><datafield ind1=" " ind2=" " tag="588"><subfield code="a">Description based on: Vol. 17 (May 12, 1944).</subfield></datafield><datafield ind1=" " ind2=" " tag="752"><subfield code="a">United States</subfield><subfield code="b">West Virginia</subfield><subfield code="c">Wayne</subfield><subfield code="d">Kenova.</subfield></datafield><datafield ind1="0" ind2="5" tag="780"><subfield code="t">Ceredo advance</subfield><subfield code="w">(DLC)sn 86092392</subfield></datafield><datafield ind1="0" ind2="0" tag="780"><subfield code="t">Kenova press</subfield><subfield code="w">(DLC)sn 86092391</subfield></datafield></record>